2190 3750
980 121 1229 175 „290
1299 149 1371 163 ...-

399 274 422 288 ³
452 259 555 307 Non
585 262 726 314 cupiit
751 261 911 303 ‘titulos
939 263 987 304 et
1014 263 1166 306 inania
1195 264 1375 307 nomina
1403 261 1642 316 christun

537 334 596 375 At
623 334 755 374 sutor
780 332 924 374 titulis
951 335 1114 386 gaudet
1144 340 1335 389 ovatque
1364 338 1475 378 suis.

454 405 643 447 Nomine
672 398 914 445 contentus
938 403 1141 447 'Christus
1171 407 1257 447 fuit
1284 408 1384 457 ipse
1413 407 1624 460 Magistri
1633 417 1648 458 ;
1723 417 1725 422 ·

470 484 473 487 ·
535 475 626 515 Hie
658 473 833 518 Dootor
860 470 950 516 (liei
978 476 1158 529 vultque
1185 477 1407 527 Propheta
1433 487 1591 519 novus.

452 543 658 587 Christus
685 554 844 596 aquam
873 547 995 587 vitae
1023 548 1198 588 sitienti
1226 547 1428 597 praebuit
1455 549 1551 598 ori;

533 616 595 656 At
621 617 750 656 sutor
778 618 937 658 mortis
966 628 1097 658 mane
1126 617 1383 667 frequentat
1411 625 1582 669 aquam.

452 685 510 727 Et
538 687 690 726 vinum
717 687 907 738 simplex
935 686 1141 728 Christus
1172 687 1282 727 bibit
1309 690 1442 737 atque
1469 684 1677 735 salubre,
1724 737 1741 743 α
1820 717 1821 720 ¹

534 756 702 796 Extera
730 756 884 797 Sutori
912 759 1100 809 vinaque
1129 756 1288 798 adusta
1316 758 1512 809 placent.

452 826 522 867 Ex
550 827 621 868 his
650 826 721 866 his
748 830 963 880 sutorem,
994 827 1115 868 velut
1141 829 1240 879 ipso
1270 838 1327 868 ex
1356 837 1503 880 ungue
1531 827 1723 880 leonem,

535 898 586 937 Si
614 897 755 948 noris,
783 896 924 937 libros
951 898 1075 938 illius
1104 908 1221 939 anne
1249 891 1411 951 leges?

451 967 545 1008 Hos
571 966 680 1019 fuge
712 977 796 1008 eeu
825 969 1019 1010 Satanae
1048 972 1269 1021 crepitum
1298 970 1630 1022 extremumque
1658 968 1875 1021 furorem,

534 1037 754 1078 Incedens
784 1039 912 1080 verbi
941 1041 1230 1092 sumpliciore
1258 1041 1361 1091 via;
1392 1074 1394 1076 .

449 1107 806 1160 Discipulumq'ue
835 1106 950 1162 ejus,
979 1113 1177 1163 quisquis
1205 1112 1279 1162 sit,
1309 1110 1485 1161 nobilisb
1514 1111 1594 1151 aut
1627 1111 1688 1152 sit

534 1179 723 1230 Ductor,
751 1180 814 1219 sit
838 1183 1007 1234 sartor,
1036 1183 1125 1234 vir,
1156 1181 1386 1235 mulierve,
1417 1188 1544 1222 eave.

454 1249 650 1302 organa,
681 1247 857 1290 Christe
887 1250 1056 1302 Deus,
1087 1254 1281 1293 Satanae
1311 1251 1551 1305 confunde,
1580 1240 1812 1300 retunde;'

535 1321 735 1362 Verbum
765 1321 1002 1363 obscurari
1030 1332 1088 1362 ne
1116 1324 1295 1373 patiare
1323 1320 1470 1378 tuum!

395 1421 529 1462 Anno
559 1418 730 1461 Christi
758 1419 885 1474 1624,
913 1421 969 1462 de
997 1422 1069 1464 26.
1098 1423 1235 1464 Mart.

1126 1609 1216 1656 111.

502 1738 1082 1818 Propempticum‚
1133 1761 1179 1800 s.
1219 1741 1855 1800 Coneomitativum.

453 1901 700 1945 Gorlieium
727 1904 904 1945 tandem
937 1906 984 1945 te
1013 1906 1142 1945 sutor
1167 1904 1296 1957 pellit
1323 1905 1379 1946 ab
1408 1905 1538 1952 urbe,

445 2028 469 2035 s
538 1974 597 2014 Et
617 1969 750 2025 jubet
777 1976 846 2015 ire
875 1966 998 2028 in'uc,
1029 1987 1119 2030 quo
1149 1980 1224 2017 tua
1253 1977 1421 2028 scripta
1451 1975 1614 2016 valent-

452 2044 473 2085 1
502 2054 709 2099 propere,
739 2047 756 2085 i
784 2045 943 2098 procul
970 2046 1086 2098 hinc,
1118 2047 1420 2099 blasphemum
1451 2056 1502 2087 os
1531 2047 1663 2112 atgue
1689 2041 1944 2095 scelestum,

541 2116 700 2165 Qualia
729 2120 773 2157 te
800 2121 1025 2170 maneant,
1055 2120 1293 2171 experiere
1322 2119 1478 2158 miser.
1625 2172 1635 2178 Κ

454 2186 649 2236 Oedipus
680 2196 730 2226 es
759 2188 913 2238 veluti,
943 2197 1071 2239 quem
1103 2192 1253 2229 terrae
1282 2189 1507 2239 absorpsit
1534 2188 1712 2229 hiatus:

537 2256 605 2296 Ne
634 2257 801 2297 similis¹
825 2260 1004 2298 maneat
1033 2260 1077 2298 te
1107 2269 1280 2311 quoque
1307 2268 1469 2310 poena,
1499 2258 1632 2302 cave!

453 2321 594 2379 Hujus
624 2329 742 2368 enim
772 2330 930 2368 nocuit
958 2328 1175 2380 quondam
1204 2331 1304 2380 ipsa
1332 2330 1579 2370 astantibus
1610 2329 1787 2378 umbra:

538 2397 597 2438 Et
628 2400 719 2452 tua,
748 2397 882 2439 crede
910 2399 1031 2451 mibi,
1060 2399 1255 2450 pluribus
1285 2401 1442 2440 umbra
1470 2402 1620 2440 nocet.

457 2465 718 2508 cerinthum
746 2468 958 2508 hactenus
989 2472 1036 2509 et
1066 2469 1321 2522 blasphemo
1350 2473 1549 2512 imitatus
1578 2481 1628 2511 es
1658 2479 1755 2521 ore,

539 2539 614 2579 Nil
643 2540 731 2579 nisi
759 2540 876 2581 mira
905 2548 1115 2591 coquenS,
1147 2542 1214 2582 nil
1242 2544 1330 2582 nisi
1359 2541 1458 2583 dira
1486 2551 1688 2583 vomens.

457 2610 570 2651 Dum
600 2610 722 2654 lavat
748 2610 838 2661 hio,
869 2611 1042 2661 impura
1072 2611 1182 2652 facit
1210 2613 1415 2654 convicia
1446 2611 1648 2654 Christo:

539 2682 595 2721 Et
621 2680 730 2721 furit
758 2682 806 2720 in
835 2689 991 2723 verum
1021 2683 1284 2733 garrulitate
1312 2684 1470 2724 Deum.

456 2748 697 2800 Collapsae
723 2752 850 2802 huno,
880 2756 1203 2802 oppresserunt
1232 2753 1443 2794 divinitus
1473 2751 1635 2804 aedes3

542 2824 705 2874 Sicque
734 2823 854 2874 perit
882 2821 1068 2874 Ductor,
1098 2823 1441 2875 Discipulusque
1468 2825 1601 2879 perit.
1638 2834 1651 2842 “

454 2891 662 2932 Nostram
690 2894 969 2934 incestarunt
992 2894 1147 2935 urbem
1177 2896 1253 2935 tua
1280 2898 1499 2948 stercora,
1527 2896 1678 2935 sutor:
1717 2922 1725 2926 .

541 2950 578 3002 ὁ
608 2963 772 3002 abeant
801 2965 960 3015 tecum,
991 2966 1065 3015 qui
1094 2967 1170 3005 tua
1199 2967 1371 3015 scripta
1398 2961 1612 3016 probant!

455 3032 641 3084 Elysias
655 3031 862 3092 *)4etiam
891 3031 1084 3074 foedasti
1111 3033 1322 3084 dogmate
1350 3038 1519 3075 terras:

541 3101 680 3142 isthic
711 3106 754 3143 te
784 3104 995 3158 excipiet,
1022 3107 1094 3144 sat
1121 3106 1234 3156 scio,
1263 3105 1399 3145 turba·
1425 3099 1584 3151 virfim.

421 3220 424 3224 ¹
455 3173 540 3223 Qui
569 3176 780 3224 quantum
807 3174 996 3224 reliquis
1024 3174 1206 3225 antiquo
1235 3176 1470 3215 stemmate
1499 3175 1745 3231 praestant,

540 3242 733 3286 Tantum
762 3245 866 3287 aliis
894 3231 1113 3296 praeeunt
1139 3245 1224 3287 hae
1252 3246 1454 3287 novitate
1482 3255 1580 3287 sua.

326 3378 360 3436 ⁸)
399 3386 429 3423 i.
460 3397 498 3425 e.
526 3387 719 3428 silesias.

2171 390 2190 535 fflfiffl-
2175 356 2190 383 ,Ἰ
2176 324 2190 348 Jr
2174 296 2184 308 ⁴
2176 282 2179 286 ·
2172 262 2180 270 ‘
2175 196 2178 202 ’
2174 178 2178 187 ·
2174 111 2177 113 “
2187 39 2190 44 ,
2176 6 2190 26 -ῥ,
